@article{Eritja2017,
author = {Eritja, Roger and Palmer, John R.B. and Roiz, David and Sanpera-Calbet, Isis and Bartumeus, Frederic},
doi = {10.1038/s41598-017-12652-5},
issn = {20452322},
journal = {Scientific Reports},
number = {1},
title = {{Direct Evidence of Adult Aedes albopictus Dispersal by Car}},
volume = {7},
year = {2017}
}

@article{Palmer2017,
author = {Palmer, J.R.B. and Oltra, A. and Collantes, F. and Delgado, J.A. and Lucientes, J. and Delacour, S. and Bengoa, M. and Eritja, R. and Bartumeus, F.},
doi = {10.1038/s41467-017-00914-9},
issn = {20411723},
journal = {Nature Communications},
number = {1},
title = {{Citizen science provides a reliable and scalable tool to track disease-carrying mosquitoes}},
volume = {8},
year = {2017}
}



@article{millet2017imported,
  title={Imported Zika virus in a European city: how to prevent local transmission?},
  author={Millet, Joan-Pau and Montalvo, Tom{\`a}s and Bueno-Mar{\'\i}, Ruben and Romero-Tamarit, Arancha and Prats-Uribe, Albert and Fern{\'a}ndez, Lidia and Camprub{\'\i}, Esteve and Del Ba{\~n}o, Luc{\'\i}a and Peracho, Victor and Figuerola, Jordi and others},
  journal={Frontiers in microbiology},
  volume={8},
  pages={1319},
  year={2017},
  publisher={Frontiers}
}

@book{ceccaroni2016analyzing,
  title={Analyzing the role of citizen science in modern research},
  author={Ceccaroni, Luigi and Piera, Jaume},
  year={2016},
  publisher={IGI Global}
}

@inproceedings{rodriguez2016machine,
  title={Machine learning assists the classification of reports by citizens on disease-carrying mosquitoes},
  author={Rodr{\'\i}guez Garc{\'\i}a, Antonio and Bartumeus, Frederic and Gavald{\`a} Mestre, Ricard},
  booktitle={SoGood 2016: Data Science for Social Good: Proceedings of the First Workshop on Data Science for Social Good co-located with European Conference on Machine Learning and Principles and Practice of Knowledge Dicovery in Databases (ECML-PKDD 2016): Riva del Garda, Italy, September 19, 2016},
  pages={1--11},
  year={2016},
  organization={CEUR-WS. org}
}

@article{collantes2016updating,
  title={Updating the known distribution of Aedes albopictus (Skuse, 1894) in Spain 2015},
  author={Collantes, Francisco and Delacour, Sarah and Delgado S{\'a}ez, Juan Antonio and Bengoa, Mikel and Torrell Sorio, Antonio and Guinea, Huberto and Ruiz, Santiago and Lucientes, Javier},
  journal={Acta tropica},
  volume={164},
  pages={64--68},
  year={2016},
  publisher={Elsevier}
}

@article{delacour2016primera,
  title={Primera cita del mosquito invasor Aedes albopictus (Diptera, Culicidae) en Arag{\'o}n: confirmaci{\'o}n de su presencia en Huesca capital},
  author={Delacour-Estrella, Sarah and Ruiz-Arrondo, Ignacio and Alarc{\'o}n-Elbal, Pedro Mar{\'\i}a and Bengoa, Mikel and Collantes, Francisco and Eritja, Roger and Ventura, Marc and Mart{\'\i}nez-Gav{\'\i}n, Angela and Lucientes, Javier and others},
  journal={Bolet{\'\i}n Sociedad Entomol{\'o}gica Aragonesa},
  volume={58},
  pages={157--158},
  year={2016}
}

@article{oltra2016atrapaeltigre,
  title={AtrapaelTigre. com: enlisting citizen-scientists in the war on tiger mosquitoes},
  author={Oltra, Aitana and Palmer, John RB and Bartumeus, Frederic},
  journal={European Handbook of Crowdsourced Geographic Information},
  pages={295--308},
  year={2016},
  publisher={Ubiquity Press}
}

@article{kampen2015approaches,
  title={Approaches to passive mosquito surveillance in the EU},
  author={Kampen, Helge and Medlock, Jolyon M and Vaux, Alexander GC and Koenraadt, Constantianus JM and Van Vliet, Arnold JH and Bartumeus, Frederic and Oltra, Aitana and Sousa, Carla A and Chouin, S{\'e}bastien and Werner, Doreen},
  journal={Parasites \& vectors},
  volume={8},
  number={1},
  pages={9},
  year={2015},
  publisher={Springer}
}

@inproceedings{delacour2014primera,
  title={Primera cita de mosquito tigre, Aedes albopictus (Diptera, Culicidae), para Andaluc{\'\i}a y primera corroboraci{\'o}n de los datos de la aplicaci{\'o}n Tigatrapp},
  author={Delacour-Estrella, Sarah and Collantes, Francisco and Ruiz-Arrondo, Ignacio and Alarc√≥n-Elbal, Pedro Mar{\'\i}a and Delgado, Juan Antonio and Eritja, Roger and Bartumeus, Frederic and Oltra, Aitana and Palmer, John RB and Lucientes, Javier and others},
  booktitle={Anales de Biolog{\'\i}a},
  number={36},
  pages={93--96},
  year={2014},
  organization={Servicio de Publicaciones de la Universidad de Murcia}
}


@Book{xie2015,
  title = {Dynamic Documents with {R} and knitr},
  author = {Yihui Xie},
  publisher = {Chapman and Hall/CRC},
  address = {Boca Raton, Florida},
  year = {2015},
  edition = {2nd},
  note = {ISBN 978-1498716963},
  url = {http://yihui.name/knitr/},
}

@article{bartumeus2018citizen,
  title={Citizen science: A gateway for innovation in disease-carrying mosquito management?},
  author={Bartumeus, Frederic and Oltra, Aitana and Palmer, John R.B.},
  journal={Trends in Parasitology},
  volume={34},
  number={9},
  pages={727--729},
  year={2018},
  publisher={Elsevier}
}
